@article{Rajpurkar,
  author    = {Pranav Rajpurkar and
               Jeremy Irvin and
               Kaylie Zhu and
               Brandon Yang and
               Hershel Mehta and
               Tony Duan and
               Daisy Ding and
               Aarti Bagul and
               Curtis Langlotz and
               Katie Shpanskaya and
               Matthew P. Lungren and
               Andrew Y. Ng},
  title     = {CheXNet: Radiologist-Level Pneumonia Detection on Chest X-Rays with
               Deep Learning},
  journal   = {CoRR},
  volume    = {abs/1711.05225},
  year      = {2017},
  url       = {http://arxiv.org/abs/1711.05225},
  archivePrefix = {arXiv},
  eprint    = {1711.05225},
  timestamp = {Fri, 01 Dec 2017 14:22:24 +0100},
  biburl    = {https://dblp.org/rec/bib/journals/corr/abs-1711-05225},
  bibsource = {dblp computer science bibliography, https://dblp.org}
}

@article{Yao,
  author    = {Li Yao and
               Eric Poblenz and
               Dmitry Dagunts and
               Ben Covington and
               Devon Bernard and
               Kevin Lyman},
  title     = {Learning to diagnose from scratch by exploiting dependencies among
               labels},
  journal   = {CoRR},
  volume    = {abs/1710.10501},
  year      = {2017},
  url       = {http://arxiv.org/abs/1710.10501},
  archivePrefix = {arXiv},
  eprint    = {1710.10501},
  timestamp = {Thu, 02 Nov 2017 14:25:36 +0100},
  biburl    = {https://dblp.org/rec/bib/journals/corr/abs-1710-10501},
  bibsource = {dblp computer science bibliography, https://dblp.org}
}

@article{Li,
  author    = {Zhe Li and
               Chong Wang and
               Mei Han and
               Yuan Xue and
               Wei Wei and
               Li{-}Jia Li and
               Fei{-}Fei Li},
  title     = {Thoracic Disease Identification and Localization with Limited Supervision},
  journal   = {CoRR},
  volume    = {abs/1711.06373},
  year      = {2017},
  url       = {http://arxiv.org/abs/1711.06373},
  archivePrefix = {arXiv},
  eprint    = {1711.06373},
  timestamp = {Tue, 30 Jan 2018 12:57:23 +0100},
  biburl    = {https://dblp.org/rec/bib/journals/corr/abs-1711-06373},
  bibsource = {dblp computer science bibliography, https://dblp.org}
}

@article{Ronneberger,
  author    = {Olaf Ronneberger and
               Philipp Fischer and
               Thomas Brox},
  title     = {U-Net: Convolutional Networks for Biomedical Image Segmentation},
  journal   = {CoRR},
  volume    = {abs/1505.04597},
  year      = {2015},
  url       = {http://arxiv.org/abs/1505.04597},
  archivePrefix = {arXiv},
  eprint    = {1505.04597},
  timestamp = {Wed, 07 Jun 2017 14:40:33 +0200},
  biburl    = {https://dblp.org/rec/bib/journals/corr/RonnebergerFB15},
  bibsource = {dblp computer science bibliography, https://dblp.org}
}

@article{Wang,
  author    = {Xiaosong Wang and
               Yifan Peng and
               Le Lu and
               Zhiyong Lu and
               Mohammadhadi Bagheri and
               Ronald M. Summers},
  title     = {ChestX-ray8: Hospital-scale Chest X-ray Database and Benchmarks on
               Weakly-Supervised Classification and Localization of Common Thorax
               Diseases},
  journal   = {CoRR},
  volume    = {abs/1705.02315},
  year      = {2017},
  url       = {http://arxiv.org/abs/1705.02315},
  archivePrefix = {arXiv},
  eprint    = {1705.02315},
  timestamp = {Wed, 07 Jun 2017 14:43:07 +0200},
  biburl    = {https://dblp.org/rec/bib/journals/corr/WangPLLBS17},
  bibsource = {dblp computer science bibliography, https://dblp.org}
}

@article{Li2,
  author    = {Guanbin Li and
               Yuan Xie and
               Liang Lin},
  title     = {Weakly Supervised Salient Object Detection Using Image Labels},
  journal   = {CoRR},
  volume    = {abs/1803.06503},
  year      = {2018},
  url       = {http://arxiv.org/abs/1803.06503},
  archivePrefix = {arXiv},
  eprint    = {1803.06503},
  timestamp = {Wed, 11 Apr 2018 11:12:46 +0200},
  biburl    = {https://dblp.org/rec/bib/journals/corr/abs-1803-06503},
  bibsource = {dblp computer science bibliography, https://dblp.org}
}

@article{Zhou,
  author    = {Bolei Zhou and
               Aditya Khosla and
               {\`{A}}gata Lapedriza and
               Aude Oliva and
               Antonio Torralba},
  title     = {Learning Deep Features for Discriminative Localization},
  journal   = {CoRR},
  volume    = {abs/1512.04150},
  year      = {2015},
  url       = {http://arxiv.org/abs/1512.04150},
  archivePrefix = {arXiv},
  eprint    = {1512.04150},
  timestamp = {Wed, 12 Jul 2017 09:11:26 +0200},
  biburl    = {https://dblp.org/rec/bib/journals/corr/ZhouKLOT15},
  bibsource = {dblp computer science bibliography, https://dblp.org}
}

@article{Huang,
  author    = {Gao Huang and
               Zhuang Liu and
               Kilian Q. Weinberger},
  title     = {Densely Connected Convolutional Networks},
  journal   = {CoRR},
  volume    = {abs/1608.06993},
  year      = {2016},
  url       = {http://arxiv.org/abs/1608.06993},
  archivePrefix = {arXiv},
  eprint    = {1608.06993},
  timestamp = {Wed, 07 Jun 2017 14:42:40 +0200},
  biburl    = {https://dblp.org/rec/bib/journals/corr/HuangLW16a},
  bibsource = {dblp computer science bibliography, https://dblp.org}
}

@article{He,
  author    = {Kaiming He and
               Xiangyu Zhang and
               Shaoqing Ren and
               Jian Sun},
  title     = {Deep Residual Learning for Image Recognition},
  journal   = {CoRR},
  volume    = {abs/1512.03385},
  year      = {2015},
  url       = {http://arxiv.org/abs/1512.03385},
  archivePrefix = {arXiv},
  eprint    = {1512.03385},
  timestamp = {Wed, 07 Jun 2017 14:41:17 +0200},
  biburl    = {https://dblp.org/rec/bib/journals/corr/HeZRS15},
  bibsource = {dblp computer science bibliography, https://dblp.org}
}
